@inProceedings{lima:18,
	author = {Lima, Gustavo and Mello, Carlos and Silva, Geraldo},
	year = {2018},
	month = {07},
	pages = {1-8},
	title = {A New Modeling for Item Ratings Using Landmarks},
	doi = {10.1109/IJCNN.2018.8489272}
}
@article{braida:15,
	title = "Transforming collaborative filtering into supervised learning",
	journal = "Expert Systems with Applications",
	volume = "42",
	number = "10",
	pages = "4733 - 4742",
	year = "2015",
	issn = "0957-4174",
	doi = "https://doi.org/10.1016/j.eswa.2015.01.023",
	url = "http://www.sciencedirect.com/science/article/pii/S095741741500038X",
	author = "Filipe Braida and Carlos E. Mello and Marden B. Pasinato and Geraldo Zimbr√£o",
	keywords = "Recommender system, Collaborative filtering, Dimensionality reduction, Supervised learning"
}
@article{lima:17,
	author = {Lima, Gustavo and Mello, Carlos and Silva, Geraldo},
	year = {2017},
	month = {05},
	pages = {},
	title = {Speeding up Memory-based Collaborative Filtering with Landmarks}
}
@article{cover_hart:67,
	author={T. {Cover} and P. {Hart}},
	journal={IEEE Transactions on Information Theory},
	title={Nearest neighbor pattern classification},
	year={1967},
	volume={13},
	number={1},
	pages={21-27},
	keywords={Pattern classification},
	doi={10.1109/TIT.1967.1053964},
	ISSN={1557-9654},
	month={January}
}
@article{stone:77,
	author = "Stone, Charles J.",
	doi = "10.1214/aos/1176343886",
	fjournal = "The Annals of Statistics",
	journal = "Ann. Statist.",
	month = "07",
	number = "4",
	pages = "595--620",
	publisher = "The Institute of Mathematical Statistics",
	title = "Consistent Nonparametric Regression",
	url = "https://doi.org/10.1214/aos/1176343886",
	volume = "5",
	year = "1977"
}
@article{jingwen:18,
	author = {{Jingwen} Sun,{Weixing} Du,{Niancai} ShiT},
	journal = "Information Engineering and Applied Computing",
	year = "2018",
	publisher = "Information Engineering College - Panzhihua University of Technology, Sichuan, China",
	title = "A Survey of kNN Algorithm",
	url = "http://ojs.whioce.com/index.php/ieac/article/view/770"
}
@misc{scipy:19,
	title = {Scientific computing tools for Python: {Scipy}},
	howpublished = {\url{https://www.scipy.org/about.html}},
	note = {Accessed: 2019-12-13}
}
@misc{sklearnpairwise:19,
	title = {sklearn.metrics.{pairwise distances}},
	howpublished = {\url{https://scikit-learn.org/stable/modules/generated/sklearn.metrics.pairwise_distances.html}},
	note = {Accessed: 2019-12-13}
}
@misc{spark:19,
	title = {Apache Spark},
	howpublished = {\url{https://spark.apache.org/}},
	note = {Accessed: 2019-12-13}
}
@misc{movielens:19,
	title = {MovieLens 1M Dataset},
	howpublished = {\url{https://grouplens.org/datasets/movielens/1m/}},
	note = {Accessed: 2019-12-13}
}
@misc{azure:19,
	title = {Azure Cloud Services},
	howpublished = {\url{https://azure.com}},
	note = {Accessed: 2019-12-13}
}
@misc{hdinsights:19,
	title = {HDInsights Azure Service},
	howpublished = {\url{https://docs.microsoft.com/en-us/azure/hdinsight/}},
	note = {Accessed: 2019-12-13}
}
@misc{coichedid:19,
	title = {Knn Landmarks Spark Implementation},
	howpublished = {\url{https://github.com/coichedid/knn_landmarks_spark}},
	note = {Accessed: 2019-12-13}
}